 @incollection{Dirac_2005,
	title = {The lagrangian in quantum mechanics},
	isbn = {9789812563668},
	url = {https://www.worldscientific.com/doi/10.1142/9789812567635_0003},
	urldate = {2023-02-18},
	booktitle = {Feynman's {Thesis} - {A} {New} {Approach} to {Quantum} {Theory}},
	publisher = {WORLD SCIENTIFIC},
	author = {Dirac, P. A. M.},
	month = aug,
	year = {2005},
	doi = {10.1142/9789812567635_0003},
	pages = {111--119},
}

@article{Dirac_1945, title={On the Analogy Between Classical and Quantum Mechanics}, volume={17}, DOI={10.1103/RevModPhys.17.195}, abstractNote={DOI:https://doi.org/10.1103/RevModPhys.17.195}, number={2–3}, journal={Reviews of Modern Physics}, publisher={American Physical Society}, author={Dirac, P. A. M.}, year={1945}, month={Apr}, pages={195–199} }

@article{Fock_1969,
	title = {On the canonical transformation in classical and quantum mechanics},
	volume = {27},
	issn = {0001-6705},
	url = {http://link.springer.com/10.1007/BF03156744},
	doi = {10.1007/BF03156744},
	language = {en},
	number = {1-4},
	urldate = {2023-02-18},
	journal = {Acta Physica Academiae Scientiarum Hungaricae},
	author = {Fock, V.},
	month = dec,
	year = {1969},
	pages = {219--224},
}