@article{srednicki,
  title = {Entropy and area},
  author = {Srednicki, Mark},
  journal = {Phys. Rev. Lett.},
  volume = {71},
  issue = {5},
  pages = {666--669},
  numpages = {0},
  year = {1993},
  month = {Aug},
  publisher = {American Physical Society},
  doi = {10.1103/PhysRevLett.71.666},
  url = {https://link.aps.org/doi/10.1103/PhysRevLett.71.666}
}
@article{PhysRevD.7.2333,
  title = {Black Holes and Entropy},
  author = {Bekenstein, Jacob D.},
  journal = {Phys. Rev. D},
  volume = {7},
  issue = {8},
  pages = {2333--2346},
  numpages = {0},
  year = {1973},
  month = {Apr},
  publisher = {American Physical Society},
  doi = {10.1103/PhysRevD.7.2333},
  url = {https://link.aps.org/doi/10.1103/PhysRevD.7.2333}
}

@article{Hawking:1975vcx,
  title={Particle creation by black holes},
  author={Hawking, Stephen W},
  journal={Communications in mathematical physics},
  volume={43},
  number={3},
  pages={199--220},
  year={1975},
  publisher={Springer},
  doi = "10.1007/BF02345020",
}

