 @article{weinberg, 
 title={The SO(4) Symmetry of the Hydrogen Atom}, 
 author={Sean J. Weinberg},
 language={en},}
@article{bander_group_1966,
	title = {Group Theory and the Hydrogen Atom (I)},
	volume = {38},
	doi = {10.1103/RevModPhys.38.330},
	pages = {330--345},
	number = {2},
	journaltitle = {Reviews of Modern Physics},
	author = {{Bander}, M. and {Ityzkson}, C.},
}
@incollection{pauli_hydrogen,
	title = {On the hydrogen spectrum from the standpoint of the new quantum mechanics},
	pages = {369--399},
	booktitle = {Dynamical Groups and Spectrum Generating Algebras},
	publisher = {World Scientific Publishing Company},
	author = {Pauli, W.},
	date = {1988-12},
	doi = {10.1142/9789814542319_0008},
}