@article{optomechanicalclock,
author = {G. J. Milburn},
title = {The thermodynamics of clocks},
journal = {Contemporary Physics},
volume = {61},
number = {2},
pages = {69--95},
year  = {2020},
publisher = {Taylor & Francis},
doi = {10.1080/00107514.2020.1837471},
}
@book{hpclock,
title = {Hewlette-Packard Model 5061A},
 subtitle  = {Ceasuim Bean frequency standard},
 author= {Hewlette-Packard},
 year  = {1968},
url={http://www.cs.cmu.edu/~dga/time/5061/5061A_ops_and_schematics.pdf}
}
@book{major2013quantum,
  title={The Quantum Beat: The Physical Principles of Atomic Clocks},
  author={Major, F.G.},
  isbn={9781475729238},
  lccn={97024027},
  year={2013},
  publisher={Springer New York}
}
@book{povh2012particles,
  title={Particles and Nuclei: An Introduction to the Physical Concepts},
  author={Povh, B. and Lavelle, M. and Rith, K. and Scholz, C. and Zetsche, F.},
  isbn={9783642877780},
  year={2012},
  publisher={Springer Berlin Heidelberg}
}
 @misc{encyclbritannica, title={Fine structure}, url={https://www.britannica.com/science/fine-structure}, journal={Encyclopædia Britannica},
 author="Encyclopædia Britannica"
 } 
 
 @misc{wikipedia:1108487361,
    author = "{Wikipedia contributors}",
    title = "Hyperfine structure --- {Wikipedia}",
    year = "2022",
    url = "https://en.wikipedia.org/w/index.php?title=Hyperfine_structure",
    note = "[Online; accessed 30-September-2022]"
  }

@book{Jackson:100964,
      author        = "Jackson, John David",
      title         = "{Classical electrodynamics; 2nd ed.}",
      publisher     = "Wiley",
      address       = "New York, NY",
      year          = "1975",
      url           = "https://cds.cern.ch/record/100964",
}
@article{Soliverez_1980,
	doi = {10.1088/0022-3719/13/34/002},
	year = 1980,
	month = {dec},
	publisher = {{IOP} Publishing},
	volume = {13},
	number = {34},
	pages = {L1017--L1019},
	author = {C E Soliverez},
	title = {The contact hyperfine interaction: an ill-defined problem},
	journal = {Journal of Physics C: Solid State Physics},
	abstract = {It is pointed out that the standard derivation of the contact hyperfine intersection contains an unwarranted assumption. When making away with this assumption the problem becomes indeterminate unless a more detailed description of the nuclear magnetisation is given.}
}
@article{steck2003cesium,
  title={Cesium D line data},
  author={Steck, Daniel A},
  year={2003}
}
@inproceedings{borghi2012clock,
  title={Clock effect and operational definitions of time},
  author={Borghi, Claudio},
  booktitle={Annales de la Fondation Louis de Broglie},
  volume={37},
  pages={227},
  year={2012}
}
